<record><leader>00000cas a22000007a 4500</leader><controlfield tag="001">34482974</controlfield><controlfield tag="008">960328d19811988cauwr ne      0    0eng d</controlfield><datafield ind1=" " ind2=" " tag="010"><subfield code="a">sn 96061851 </subfield></datafield><datafield ind1=" " ind2=" " tag="040"><subfield code="a">CUY</subfield><subfield code="b">eng</subfield><subfield code="c">CNK</subfield><subfield code="d">OCLCQ</subfield><subfield code="d">OCLCF</subfield><subfield code="d">OCLCO</subfield></datafield><datafield ind1="1" ind2=" " tag="029"><subfield code="a">AU@</subfield><subfield code="b">000025930053</subfield></datafield><datafield ind1=" " ind2=" " tag="042"><subfield code="a">msc</subfield></datafield><datafield ind1=" " ind2=" " tag="043"><subfield code="a">n-us-ca</subfield></datafield><datafield ind1="0" ind2="0" tag="245"><subfield code="a">Oakley gazette.</subfield></datafield><datafield ind1=" " ind2=" " tag="260"><subfield code="a">Oakley, Calif. :</subfield><subfield code="b">Thresh Publications</subfield></datafield><datafield ind1=" " ind2=" " tag="300"><subfield code="a">v.</subfield></datafield><datafield ind1=" " ind2=" " tag="310"><subfield code="a">Weekly</subfield></datafield><datafield ind1="0" ind2=" " tag="362"><subfield code="a">Vol. 1, no. 1 (June 24, 1981)-v. 7, no. 35 (Apr. 6, 1988) = issue 1-issue 343.</subfield></datafield><datafield ind1=" " ind2=" " tag="500"><subfield code="a">"On Wednesay, April 13 [1988], the Bethel Island Beacon, Oakley Gazette and the Delta Beacon will merge to form ... the Beacon-Gazette"--Apr. 6, 1988.</subfield></datafield><datafield ind1=" " ind2=" " tag="500"><subfield code="a">Published in Bethel Island, Calif., Aug 5, 1987-</subfield></datafield><datafield ind1=" " ind2=" " tag="515"><subfield code="a">Numbering is irregular.</subfield></datafield><datafield ind1=" " ind2="0" tag="651"><subfield code="a">Oakley (Calif.)</subfield><subfield code="v">Newspapers.</subfield></datafield><datafield ind1=" " ind2="7" tag="655"><subfield code="a">Newspapers.</subfield><subfield code="2">fast</subfield><subfield code="0">(OCoLC)fst01423814</subfield></datafield><datafield ind1=" " ind2="7" tag="651"><subfield code="a">California</subfield><subfield code="z">Oakley.</subfield><subfield code="2">fast</subfield><subfield code="0">(OCoLC)fst01203475</subfield></datafield><datafield ind1=" " ind2=" " tag="752"><subfield code="a">United States</subfield><subfield code="b">California</subfield><subfield code="c">Contra Costa</subfield><subfield code="d">Bethel Island.</subfield></datafield><datafield ind1=" " ind2=" " tag="752"><subfield code="a">United States</subfield><subfield code="b">California</subfield><subfield code="c">Contra Costa</subfield><subfield code="d">Oakley.</subfield></datafield></record>